@article{cortes2021inconsistency,
  title={Inconsistency in conference peer review: revisiting the 2014 neurips experiment},
  author={Cortes, Corinna and Lawrence, Neil D},
  journal={arXiv preprint arXiv:2109.09774},
  year={2021}
}

@article{raff2019step,
  title={A step toward quantifying independently reproducible machine learning research},
  author={Raff, Edward},
  journal={Advances in Neural Information Processing Systems},
  volume={32},
  year={2019}
}

@article{hamburg2021call,
  title={Call to join the decentralized science movement},
  author={Hamburg, Sarah and others},
  journal={Nature},
  volume={600},
  number={7888},
  pages={221--221},
  year={2021},
  publisher={Nature}
}

@article{knoepfler2015reviewing,
  title={Reviewing post-publication peer review},
  author={Knoepfler, Paul},
  journal={Trends in Genetics},
  volume={31},
  number={5},
  pages={221--223},
  year={2015},
  publisher={Elsevier}
}

@article{bornmann2015growth,
  title={Growth rates of modern science: A bibliometric analysis based on the number of publications and cited references},
  author={Bornmann, Lutz and Mutz, R{\"u}diger},
  journal={Journal of the Association for Information Science and Technology},
  volume={66},
  number={11},
  pages={2215--2222},
  year={2015},
  publisher={Wiley Online Library}
}

@article{foster2017open,
  title={Open science framework (OSF)},
  author={Foster, Erin D and Deardorff, Ariel},
  journal={Journal of the Medical Library Association: JMLA},
  volume={105},
  number={2},
  pages={203},
  year={2017},
  publisher={Medical Library Association}
}

@misc{osfgithub,
  author = {Center for Open Science},
  title = {Connect GitHub to a Project
},
  year = 2022,
  howpublished = {\url{https://help.osf.io/article/211-connect-github-to-a-project}},
  note = {Accessed: 2022-09-29}
}

@article{west2019discriminating,
  title={Discriminating systems},
  author={West, Sarah Myers and Whittaker, Meredith and Crawford, Kate},
  journal={AI Now},
  year={2019}
}

@article{russo2021some,
  title={Some ethical issues in the review process of machine learning conferences},
  author={Russo, Alessio},
  journal={arXiv preprint arXiv:2106.00810},
  year={2021}
}

@misc{deadlines,
  author = {Paper With Code},
  title = {AI Conference Deadlines},
  year = 2022,
  howpublished = {\url{https://aideadlin.es/?sub=ML,CV,CG,NLP,RO,SP,DM}},
  note = {Accessed: 2022-09-29}
}

@article{grieger2005authorship,
  title={Authorship: an ethical dilemma of science},
  author={Grieger, Maria Christina Anna},
  journal={Sao Paulo Medical Journal},
  volume={123},
  pages={242--246},
  year={2005},
  publisher={SciELO Brasil}
}

@inproceedings{anderson2011problem,
  title={The problem of plagiarism},
  author={Anderson, Melissa S and Steneck, Nicholas H},
  booktitle={Urologic Oncology: Seminars and Original Investigations},
  volume={29},
  pages={90--94},
  year={2011},
  organization={Elsevier}
}